% This is where you place the bibliography entries in BibTeX format. To get the
% information for any thing with a DOI (papers, books, etc), use
% https://www.doi2bib.org

% The first thing after the { is the label used to cite things in the text. In
% this case, we would use \cite{uieda2015}.
@misc{uieda2015,
  doi = {10.6084/M9.FIGSHARE.1495525.V1},
  url = {https://figshare.com/articles/figure/A_tesserioid_spherical_prism_in_a_geocentric_coordinate_system_with_a_local_North_oriented_coordinate_system/1495525/1},
  author = {Uieda,  Leonardo},
  keywords = {Geophysics,  FOS: Earth and related environmental sciences,  FOS: Earth and related environmental sciences},
  title = {A tesserioid (spherical prism) in a geocentric coordinate system with a local-North-oriented coordinate system},
  publisher = {figshare},
  year = {2015},
  copyright = {Creative Commons Attribution 4.0 International}
}
